%% This BibTeX bibliography file was created using BibDesk.
%% http://bibdesk.sourceforge.net/


%% Created for Seth Johnson at 2010-01-15 15:01:56 -0500 


%% Saved with string encoding Unicode (UTF-8) 


@misc{jcpoa,
    author = {{UN Security Council}}, 
    title = {{Security Council resolution 2231 [on Joint Comprehensive
        Plan of Action (JCPOA) on the Islamic Republic of Iran's nuclear
            programme]}},
    month = {July},
    year = {2015},
}


@article{cyclus,
    author = "K.D. Huff and M.J. Gidden and R.W. Carlsen and R.R. Flanagan and
        M.B. McGarry and A.C. Opotowsky and E.A. Schneider and A.M. Scopatz and
        P.P.H. Wilson",
    title = "Fundamental concepts in the Cyclus nuclear fuel cycle simulation framework",
    journal = "Advances in Engineering Software",
    volume = {94},
    year = "April 2016",
}
    %doi = "http://dx.doi.org/10.1016/j.advengsoft.2016.01.014",

@article{CLASS,
title = "Core library for advanced scenario simulation, {C.L.A.S.S.}: principle \& application ",
journal = {PHYSOR 2014},
author = "B. Mouginot and B. Leniau and N. Thiolliere and M. Ernoult and S. David and X. Doligez and A. Bidaud and O. Meplan and R. Montesanto and G. Bellot and J.B. Clavel and I. Duhamel and E. Letang and and J. Miss.",
year = "2016",
}

@article{Leniau2015125,
  title = {A neural network approach for burn-up calculation and its application
    to the dynamic fuel cycle code {CLASS} },
  journal = {Annals of Nuclear Energy },
  volume = {81},
  number = {},
  pages = {125 - 133},
  year = {2015},
  note = "",
  issn = {0306-4549},
  author = {Baptiste Leniau and Baptiste Mouginot and Nicolas Thiolliere and
    Xavier Doligez and Adrien Bidaud and Fanny Courtin and Marc Ernoult and
    Sylvain David},
}


@misc{cycamore, 
    title={Cycamore},
    url={https://figshare.com/articles/Cycamore_1_5_0/4312661/1}, 
        DOI={10.6084/m9.figshare.4312661.v1}, 
    publisher={figshare}, 
    author={Carlsen, Robert and Flanagan, Robert and Gidden, Matthew and Huff, Kathryn and Littell, Jenny and McGarry, Meghan and Mouginot, Baptiste and Scopatz, Anthony and Skutnik, Steve and Wilson, Paul}, 
    year={2016}, 
    month={Dec}
}

@techreport{ES,
  Author = {WIGELAND, R. and Taiwo, T. and Ludewig, H. and Todosow, M.
    and Halsey, W. and Gehin, J. and Jubin, R. and Buelt, J. and Stockinger, S.
      and Jenni, K. and Oakley, B.},
	Institution = {Fuel Cycle Technologies Program},
	Number = {FCRD-FCO-2014-000106},
	Title = {Nuclear Fuel Cycle Evaluation and Screening - Final Report},
	Year = {2014}}

@misc{mouginot_2018,
title={Cycamore - with parameter uncertainty},
    url={https://figshare.com/articles/Cycamore_-_with_parameter_uncertainty/6223604/1},
    DOI={10.6084/m9.figshare.6223604.v1},
    publisher={figshare},
    author={Mouginot, Baptiste},
    year={2018},
    month={May}
}


@misc{cyclass,
    title={cyCLASS: CLASS Models for Cyclus},
    url={https://figshare.com/articles/cyCLASS_v0_1-alpha/3468671/4},
    DOI={10.6084/m9.figshare.3468671.v4},
    abstractNote={Source code for the cyCLASS package.

        cyCLASS allows using CLASS fuel fabrication Model and Irradiation Model in the Cyclus framework


    },
    publisher={figshare},
    author={Mouginot, Baptiste},
    year={2018},
    month={May}
}
